<?xml version="1.0" encoding="UTF-8"?><record xmlns="http://www.loc.gov/MARC21/slim" xmlns:cinclude="http://apache.org/cocoon/include/1.0" xmlns:zs="http://www.loc.gov/zing/srw/">
  <leader>00417cz  a2200121n  4500</leader>
  <controlfield tag="001">n  84032193 </controlfield>
  <controlfield tag="003">DLC</controlfield>
  <controlfield tag="005">19990818084037.0</controlfield>
  <controlfield tag="008">840622n| acannaab           |n aaa      </controlfield>
  <datafield tag="010" ind1=" " ind2=" ">
    <subfield code="a">n  84032193 </subfield>
  </datafield>
  <datafield tag="040" ind1=" " ind2=" ">
    <subfield code="a">DLC</subfield>
    <subfield code="c">DLC</subfield>
  </datafield>
  <datafield tag="100" ind1="1" ind2="0">
    <subfield code="a">Stewart, Kent K.</subfield>
  </datafield>
  <datafield tag="670" ind1=" " ind2=" ">
    <subfield code="a">Modern methods of food analysis, 1984:</subfield>
    <subfield code="b">CIP t.p. (Kent K. Stewart, Dept. of Food Science and Technology, Virginia Polytechnic Institute and State Univ., Blacksburg)</subfield>
  </datafield>
</record>